@misc{assemblyEPFL,
	author = {EPFL},
	title = {{EPFL Assembly}},
	howpublished = "\url{https://ae.epfl.ch}",
	year = {2018},
	note = "[Online; accessed 08-May-2018]",
}

@misc{inform,
	author = {VPSI},
	title = {{Créer des formulaires - inForm | EPFL}},
	howpublished = "\url{https://inform-doc.epfl.ch/}",
	year = {2018},
	note = "[Online; accessed 08-May-2018]",
}

@misc{vpsi,
	author = {VPSI},
	title = {{Information Systems | EPFL}},
	howpublished = "\url{https://direction.epfl.ch/VPSI}",
	year = {2018},
	note = "[Online; accessed 08-May-2018]",
}

@misc{andrea,
	author = {Andrea Caforio},
	title = {{A Decentralized and Distributed E-Voting Scheme Based on Verifiable Neff Shuffles}},
	howpublished = "\url{https://github.com/qantik/NEVV/blob/master/report.pdf}",
	year = {2018}
}

@misc{etienne,
	author = {Etienne Bonvine},
	title = {{Student17 Frontend}},
	howpublished = "\url{https://github.com/dedis/student_17_evoting_frontend/}",
	year = {2018}
}

@misc{localStorage,
	title = {{Window.localStorage | Web APIs}},
	howpublished = "\url{https://developer.mozilla.org/en-US/docs/Web/API/Window/localStorage}",
	year = {2018}
}

@inproceedings{skipchains,
  title={CHAINIAC: Proactive software-update transparency via collectively signed skipchains and verified builds},
  author={Nikitin, Kirill and Kokoris-Kogias, Eleftherios and Jovanovic, Philipp and Gailly, Nicolas and Gasser, Linus}
}

@article{dkg,
  title={Secure distributed key generation for discrete-log based cryptosystems},
  author={Gennaro, Rosario and Jarecki, Stanislaw and Krawczyk, Hugo and Rabin, Tal},
  journal={Journal of Cryptology},
  volume={20},
  number={1},
  pages={51--83},
  year={2007},
  publisher={Springer}
}

@article{ed25519,
  title={High-speed high-security signatures},
  author={Bernstein, Daniel J and Duif, Niels and Lange, Tanja and Schwabe, Peter and Yang, Bo-Yin},
  journal={Journal of Cryptographic Engineering},
  volume={2},
  number={2},
  pages={77--89},
  year={2012},
  publisher={Springer}
}

@misc{tequila,
	author = {Claude Lecommandeur},
	title = {{Tequila – A distributed Web authentication and access control tool}},
	howpublished = "\url{https://tequila.epfl.ch/eunis-2005-lecommandeur.pdf}",
	year = {2005},
}

@misc{cothority,
	author = {DEDIS},
	title = {Cothority},
	howpublished = "\url{https://github.com/dedis/cothority}"
}

@misc{vuejs,
  title={Vue.js - The Progressive Javascript Framework},
  howpublished="\url{https://vuejs.org/}",
  year={2018}
}

@misc{vuetify,
  title={Vue.js Material Component Framework - Vuetify.js},
  howpublished="\url{https://vuetifyjs.com/en/}",
  year={2018}
}

@misc{vuerouter,
  title={Vue-Router},
  howpublished="\url{https://router.vuejs.org/en/}",
  year={2018}
}

@misc{vuex,
  title={Centralized State Managed for Vue.js - Vuex},
  howpublished="\url{https://vuex.vuejs.org/en/}",
  year={2018}
}

@misc{webcrypto,
  title={WebCrypto {API}},
  howpublished="\url{https://www.w3.org/TR/WebCryptoAPI/}",
  year={2018}
}

@misc{nodecrypto,
  title={Crypto {API} - {Node.js}},
  howpublished="\url{https://nodejs.org/api/crypto.html}",
  year={2018}
}

@misc{nativescript,
  title={Nativescript - Native mobile apps with Angular, Typescript and Javascript},
  howpublished = "\url{https://www.nativescript.org/}",
  year = {2018}
}

@misc{reactnative,
  title={ReactNative - Build native mobile apps using Javascript and React},
  howpublished="\url{https://facebook.github.io/react-native/}",
  year={2018}
}

@misc{elliptic,
  title={Elliptic - Fast Elliptic Curve Cryptography in pure Javascript},
  howpublished="\url{https://github.com/indutny/elliptic}",
  year={2018}
}

@misc{kyberjs,
  title={@dedis/kyber-js},
  howpublished="\url{https://www.npmjs.com/package/@dedis/kyber-js}",
  year={2018}
}

@misc{cothorityjs,
  title={@dedis/cothority},
  howpublished="\url{https://www.npmjs.com/package/@dedis/cothority}",
  year={2018}
}

@misc{vuei18n,
	title = {Internationalization plugin for VueJS},
	howpubluished = "\url{https://github.com/kazupon/vue-i18n}",
	year = {2018},
}

@misc{kyber,
  title={Kyber, DEDIS Advanced Crypto Library},
  howpublished="\url{https://github.com/dedis/kyber}",
  year={2017}
}

@article{omniledger,
  title={OmniLedger: A Secure, Scale-Out, Decentralized Ledger via Sharding},
  author={Kokoris-Kogias, Eleftherios and Jovanovic, Philipp and Gasser, Linus and Gailly, Nicolas and Syta, Ewa and Ford, Bryan}
}

@misc{artillery,
	title = {Artillery - a modern loadtesting toolkit},
	howpublished = "\url{https://artillery.io/}",
	year = {2018},
}

@misc{artillery-engine-cothority,
	title = {artilery-engine-cothority},
	howpublished = "\url{https://www.npmjs.com/package/artillery-engine-cothority}",
	year = {2018}
}

@inproceedings {bftcosi,
	author = {Eleftherios Kokoris Kogias and Philipp Jovanovic and Nicolas Gailly and Ismail Khoffi and Linus Gasser and Bryan Ford},
	title = {Enhancing Bitcoin Security and Performance with Strong Consistency via Collective Signing},
	booktitle = {25th {USENIX} Security Symposium ({USENIX} Security 16)},
	year = {2016},
	isbn = {978-1-931971-32-4},
	address = {Austin, TX},
	pages = {279--296},
	url = {https://www.usenix.org/conference/usenixsecurity16/technical-sessions/presentation/kogias},
	publisher = {{USENIX} Association},
}

@inproceedings{cosi,
  title={Keeping authorities" honest or bust" with decentralized witness cosigning},
  author={Syta, Ewa and Tamas, Iulia and Visher, Dylan and Wolinsky, David Isaac and Jovanovic, Philipp and Gasser, Linus and Gailly, Nicolas and Khoffi, Ismail and Ford, Bryan},
  booktitle={Security and Privacy (SP), 2016 IEEE Symposium on},
  pages={526--545},
  year={2016},
  organization={Ieee}
}

@inproceedings{pbft,
  title={Practical Byzantine fault tolerance},
  author={Castro, Miguel and Liskov, Barbara and others}
}

@article{neff,
  title={Verifiable mixing (shuffling) of ElGamal pairs},
  author={Neff, C Andrew},
  year={2004}
}
